@ARTICLE{internetofthings,
 author = 	"{Perera, C.; Zaslavsky, A.; Christen, P.; Georgakopoulos, D.}",
 title = 	"{Context Aware Computing for The Internet of Things: A Survey}",
 journal = 	{Communications Surveys \& Tutorials, IEEE},
 volume = 	{abs/1305.0982},
 number = 	{99},
 pages = 	{1 - 4},
 month = 	{May},
 year = 	{2013}
} 

@ARTICLE{knowledgeplane,
 author =	{\mbox{Clark, D. D., Partridge, C., Ramming, J. C., and Wroclawski, J. T.}},
 title =	{A knowledge plane for the internet},
 journal =	{Computer Communication Review},
 volume =	{33},
 number =	{4},
 pages =	{3 - 10},
 month =	{Oct},
 year =		{2003}
}

@ARTICLE{wpanIssues,
  author =	 {\mbox{Howitt, I.; Gutierrez, J.A.}},
  title =	 {\mbox{IEEE} 802.15.4 low rate - wireless personal area network coexistence issues},
  journal =	 {Wireless Communications and Networking, WCNC 2003},
  volume =	 {3},
  month =	 {Mar},
  year = 	 {2003},
  pages = 	 {1481 - 1486},
  doi =		 {doi: 10.1109/WCNC.2003.1200605}
}

@ARTICLE{challenges,
  author = 	{\mbox{Akan, O.B.; Karli, O.; Ergul, O.}},
  title =	{Cognitive radio sensor networks},
  journal = 	{Network, IEEE},
  volume = 	{23},
  number = 	{4},
  pages = 	{34 - 40},
  month = 	{Jul},
  year = 	{2009}, 
  doi = 	{doi: 10.1109}
}

@techreport{conbrok,
  author = 	"{Rabaey, J.; Wolisz, A.; Ozer Ercan, A.; Araujo, A.; Burghardt, F.; Mustafa, S.; Parsa, A.; Pollin, S.; I-Hsiang Wang; Malagon P.}",
  title = 	"{Connectivity Brokerage - Enabling Seamless Cooperation in Wireless Networks}",
  institution = {Berkeley Wireless Research Center},
  month = 	{Sep},
  year =	{2010}
}


@ARTICLE{mitola1,
  author = 	{\mbox{Mitola, J. III; Maguire, G.Q. Jr}},
  title = 	{Cognitive radio: making software radios more personal},
  journal = 	{Personal Communications},
  volume = 	{6},
  number = 	{4},
  month =	{Aug},
  year = 	{1999},
  pages = 	{13 - 18}
}

@BOOK{mitola2,
  author = 	{\mbox{Mitola, J. III}},
  title = 	"{Cognitive Radio An Integrated Agent Architecture for Software Defined Radio, PhD. Dissertation}",
  publisher = 	{Royal Institute of Technology, Kista, Sweden},
  month = 	{May},
  year = 	{2000}
}

@ARTICLE{fcd,
  author = 	{\mbox{L\'{o}pez, F.; Romero, E.; Blesa, J.; Villanueva, D.; Araujo, A.}},
  title = 	"{Cognitive Wireless Sensor Network Device for AAL Scenarios}",
  journal = 	{Lecture Notes in Computer Science},
  volume = 	{6693},
  year = 	{2011},
  issn = 	{ISSN: 0302–9743},
  pages =	{116 - 121},
  isbn = 	{3–642–00640–X}
}

@ARTICLE{seung,
 author = 	{\mbox{Jong Kim, S.}},
 title = 	"{Dynamic Spectrum Allocation with Variable Bandwidth for Cognitive Radio Systems}",
 journal = 	{Communications and Information Technology},
 pages = 	{106 - 109},
 month = 	{Sep},
 year = 	{2009},
 doi =		{DOI: 10.1109/ISCIT.2009.5341278}
}

@ARTICLE{fcc,
author = 	{\mbox{Federal Communications Commission}},
title = 	"{Spectrum Policy Task Force}",
journal = 	{Rep. ET Docket},
volume =	{2},
pages = 	{135},
month =		{Nov},
year = 		{2002}
}

@MISC{corvus,
  author =	"{Brodersen, R.W.; Wolisz, A.; Cabric, D.; Mishra, S.M.; Willkomm, D.}",
  title =	{Corvus: A Cognitive Radio Approach For Usage Of Virtual Unlicensed Spectrum},
  year =	{2004}
}

@ARTICLE{brainempower,
author = 	{\mbox{Haykin, S.}},
title = 	{Cognitive Radio: Brain-empowered Wireless Communications},
journal = 	{Selected Areas in Communications, IEEE Journal on},
volume =	{23},
month = 	{Feb},
year = 		{2005},
pages = 	{201 - 220}
}

@ARTICLE{fcc1,
 author = 	{\mbox{Federal Communications Commission}},
 title = 	{Facilitating opportunities for flexible, efficient, and reliablespectrum use employing cognitive radio technologies, notice of 			proposed rulemaking and order, FCC 03-322},
 month = 	{Dec},
 year = 	{2003},
} 

@ARTICLE{dsa,
 author = 	{\mbox{Akyildiz, I.F.; Won-Yeol Lee; Vuran, M.C.; Mohanty, S.}},
 title = 	"{NeXt generation/dynamic spectrum access/cognitive Radio Wireless Networks: A Survey}",
 journal = 	{Computer Networks (Elsevier) Journal}, 
 number =	{3},
 volume =	{50},
 pages =	{2127 - 2159},
 month = 	{Sep},
 year = 	{2006},
}

@ARTICLE{smartradio,
 author = 	{\mbox{Berezdivin, R.; Breinig, R.; Topp, R.}},
 title	=	{Next-generation wireless communications concepts and technologies},
 journal = 	{IEEE Communications Magazine}
 volume = 	{40},
 number = 	{3},
 pages = 	{108 - 116},
 year = 	{2002}
}

@ARTICLE{smartantenna,
 author = 	{\mbox{Alexiou, A. ; Haardt, M.}},
 title = 	"{Smart antenna technologies for future wireless systems: Trends and challenges}",
 journal = 	{IEEE Communications Magazine},
 volume = 	{42},
 number = 	{9},
 pages =	{90 - 97},
 month = 	{Sep},
 year = 	{2004}
}

@ARTICLE{smartpackets,
 author = 	"{Schwartz, B.; Jackson, A.W.; Strayer, W.T.; Wenyi Zhou; Rockwell, R.D.; Partridge, C.}",
 title = 	{Smart packets for active networks},
 journal = 	{OPENARCH '99},
 pages = 	{90 - 97},
 year =		{1999}
}

@ARTICLE{cognitivepackets,
 author = 	{\mbox{Gelenbe, E.; Lent, R.; Zhiguang Xu}},
 title = 	{Design and performance of cognitive packet networks},
 journal = 	{Performance Evaluation},
 volume =	{46},
 number =	{2 - 3},
 pages = 	{155 - 176},
 month = 	{Mar},
 year = 	{2001}
}

@ARTICLE{cn1,
 author = 	"{M\"ah\"onen, P.; Riihij\"arvi, J.; Petrova, M.; Shelby, Z.}",
 title = 	"{Hop-by-hop toward future mobile broadband IP}",
 journal = 	{IEEE Communications Magazine},
 volume = 	{42},
 number =	{3},
 pages =	{138 - 146},
 month = 	{Mar},
 year =		{2004}
}

@inproceedings{cn2,
 author =        "{Ramming, C.}",
 title =         "{Cognitive networks}",
 booktitle =     {DARPATech},
 institution =	 {Anaheim, CA, USA},
 month =	 {Mar},
 year =          {2004}
}

@ARTICLE{saracco,
 author = 	{\mbox{Saracco, R.}},
 title = 	"{Forecasting the future of information technology: How to make research investment more cost-effective}",
 journal =  	{IEEE Communications Magazine},
 volume =	{41},
 pages =	{38 - 45},
 month =	{Dec},
 year =		{2003}
}

@inProceedings{gamecr,
 author =  	"{Neel, J.O.; Buehrer, R.M; Reed, J.H.; Gilles, R.P.}",
 title = 	{Game-theoretic analysis of a network of cognitive radios},
 booktitle =	{Circuits and Systems, 45th Midwest Symposium on},
 volume =	{3},
 pages =	{409 - 412},
 year =		{2002}
}

@inproceedings{neel,
 author = 	{\mbox{Neel, J.O.; Reed, J.H.; Gilles, R.P.}},
 title = 	{Convergence of cognitive radio networks},
 booktitle =	{Wireless Communications and Networking Conference},
 volume =	{4},
 pages = 	{2250 - 2255},
 year =	 	{2004}
}
@inProceedings{coopsensing,
 author = 	{\mbox{Ganesan, G.; Ye Li}},
 title = 	{Cooperative spectrum sensing in cognitive radio networks},
 booktitle = 	{New Frontiers in Dynamic Spectrum Access Networks. First IEEE International Symposium on},
 pages =	{137 - 143},
 year = 	{2005}
}

@inproceedings{coopsensing1,
 author = 	{\mbox{Mishra, S.M.; Sahai, A.; Brodersen, R.W.}},
 title = 	{Cooperative sensing among cognitive radios},
 booktitle =	{Communications. IEEE International Conference on},
 volume =	{4},
 pages = 	{1658 - 1663},
 year =		{2006}
}

@inproceedings{cremergency,
 author = 	"{Pawelczak, P.; Prasad, R.V.; Liang Xi; Niemegeers, I.G.M.M.}",
 title = 	{Cognitive radio emergency networks - requirements and design},
 booktitle =	{New Frontiers in Dynamic Spectrum Access Networks. First IEEE International Symposium on},
 pages =	{601 - 606},
 year = 	{2005}
}

@ARTICLE{cnrarchitecture,
 author =	"{Raychaudhuri, D.; Mandayam, N.B; Evans, J.B.; Ewy, B.J.; Seshan, S.; Steenkiste, P.}",
 title = 	"{CogNet: An architectural foundation for experimental cognitive radio networks within the future Internet}",
 journal =	{Proc. ACM/IEEE MobiArch'06},
 pages =	{11 - 16},
 month = 	{Dec},
 year = 	{2006}
}

@BOOK{thomas,
 author =	{\mbox{Thomas, R.W.}},
 title = 	{Cognitive Networks, PhD. Dissertation},
 publisher = 	{Faculty of the Virginia Polytechnic Institute and State University, Blacksburg, Virginia},
 month = 	{Jun},
 year =		{2007}
}

@inProceedings{thomasCN,
author =	{\mbox{Thomas, R.W.; Da Silva, L.A.; Mackenzie A.B.}},
title =		"{Cognitive networks}",
journal = 	"{IEEE Symposium on New Frontiers in Dynamic Spectrum Access Networks. DySPAN}",
pages = 	{352 - 360},
year = 		{2005}
}

@ARTICLE{example,
 author = 	{\mbox{Thomas, R.W.; Friend, D.H.; Da Silva, L.A.; MacKenzie A.B.}},
 title = 	"{Cognitive networks: Adaptation and learning to achieve end-to-end performance objectives}",
 journal =	{IEEE Communications Magazine},
 volume =	{44},
 pages = 	{51 - 57},
 month = 	{Dec},
 year = 	{2006}
}

@misc{wpanieee,
 title =	"{IEEE 802.15. WPAN$^{TM}$ Task Group 4}",
 howpublished =	{\url{http://grouper.ieee.org/groups/802/15/pub/TG4.html}},
 note = 	{Last accessed on 12-8-2013}	 
}

@ARTICLE{CRfunctionality,
author = 	"{Venkatesha, R.; Hoffmeyer, J.A.; Berger, H.S.}",
title = 	{Cognitive Functionality in Next Generation Wireless Networks}, 
journal = 	{IEEE Communications Magazine},
pages = 	{72 - 78},
month =		{Apr},
year = 		{2008}
}

@ARTICLE{sensing,
author = 	{\mbox{Zhiqiang Li; F. Richard Yu; Minyi Huang}},
title = 	{A Distributed Consensus-Based Cooperative Spectrum Sensing in Cognitive Radios}, 
journal = 	{IEEE Trans. Vehicular Technology},
volume = 	{59},
number = 	{1},
pages = 	{383 - 393},
month =		{Jan},
year = 		{2010}
}

@ARTICLE{threshold,
author = 	"{Foukalas, F.T.; Mathiopoulos, P.T.; Karetsos, G.T.}",
title =		"{Joint optimal power allocation and sensing threshold selection for SU's capacity maximisation in SS CRNS}",
journal = 	{Electronics Letters},
volume = 	{46},
number = 	{20},
pages =		{1406 - 1407},
issn = 		{0013-5194},
doi = 		{10.1049/el.2010.1355},
month = 	{Sep},
year = 		{2010}
}

@ARTICLE{80222,
author = 	"{Stevenson, C.; Chouinard, G.; Zhongding Lei; Wendong Hu; Shellhammer, S.J.; Caldwell, W.}",
title = 	{IEEE 802.22: The first cognitive radio wireless regional area network standard},
journal = 	{Communications Magazine, IEEE},
volume = 	{47},
number = 	{1},
pages = 	{130 - 138},
month = 	{Jan},
year = 		{2009},
issn = 		{0163-6804},
doi = 		{10.1109/MCOM.2009.4752688}
}

@MISC{80222web,
 title =	"{IEEE 802.22 Working Group on Wireless Regional Area Networks}", 
 howpublished =	{\url{http://www.ieee802.org/22/}},
 note = 	{Last accessed on 12-9-2013} 
}

@MISC{802152,
 title =	"{IEEE 802.15 WPAN$^{TM}$ Task Group 2}", 
 howpublished =	{\url{http://www.ieee802.org/15/pub/TG2.html}},
 note = 	{Last accessed on 12-9-2013} 
}

@ARTICLE{cwsn,
 author = 	"{Vijay, G.; Ben Ali Bdira, E.; Ibnkahla, M.}",
 title =	{Cognition in Wireless Sensor Networks: A Perspective},
 journal = 	{IEEE Sensors Journal},
 volume = 	{11},
 number =	{3},
 month = 	{Mar},
 year = 	{2011},
 pages = 	{582 - 592}
}

@ARTICLE{gamewsn,
 author = 	{\mbox{Machado, R.; Tekinay, S.}},
 title = 	{A Survey of game-theoretic approaches in wireless sensor networks},
 journal = 	{Computer Network},
 volume = 	{52},
 number = 	{16},
 pages = 	{3047 - 3061},
 month = 	{Nov},
 year =		{2008}
}

@ARTICLE{neuralcsn,
 author = 	{\mbox{Reznik, L.; Von Pless, G.}},
 title = 	{Neural networks for cognitive sensor networks},
 journal = 	{Proc. IEEE Int. Joint Conf. Neural Network., IJCNN 2008},
 month = 	{Jun},
 year = 	{2008},
 pages = 	{1235 - 1241}
}
 
@ARTICLE{crbasedwsn,
 author = 	"{Cavalcanti, D.; Das, S.; Jianfeng Wang; Challapali, K.}",
 title = 	{Cognitive radio based wireless sensor networks},
 journal = 	{Proc. 17th Int. Conf. Comput. Commun. Networks, ICCCN},
 year = 	{2008},
 pages = 	{1 - 6}
}

@ARTICLE{crwsn,
 author = 	{\mbox{Akan, O.B.; Karli, O.; Ergul, O.}},
 title = 	{Cognitive radio sensor networks},
 journal = 	{IEEE Network},
 volume =	{23},
 number =	{4},
 month = 	{Jul},
 year = 	{2009},
 pages = 	{34 - 40}
}

@ARTICLE{crnetandcom,
 author = 	{\mbox{Ying-Chang Liang, Kwang-Cheng Chen ; Li, G.Y. ; Mahonen, P.}},
 title = 	{Cognitive Radio Networking and Communications: An Overview},
 journal = 	{Vehicular Technology, IEEE Transactions on},
 volume =	{60},
 number =	{7},
 month = 	{Jun},
 year = 	{2011},
 pages = 	{3386 - 3407}
}

@ARTICLE{gtandai,
 author = 	{\mbox{Tennenholtz, M.}},
 title = 	{Game theory and artificial intelligence},
 journal = 	{Foundations and Applications of Multi-Agent Systems. Berlin, Germany: Springer-Verlag},
 volume =	{2},
 number =	{4},
 doi = 		{2403/2002},
 year = 	{2002},
 pages = 	{51}
}

@ARTICLE{crahn,
 author = 	"{Akyldiz, I.F.; Won-Yeol Lee; Chowdhury, K.R.}",
 title = 	{CRAHNs: Cognitive radio ad hoc networks},
 journal = 	{Ad Hoc Netw.},
 volume =	{7},
 number =	{5},
 month = 	{Jul},
 year = 	{2009},
 pages = 	{810 - 836}
}

@BOOK{ferpfc,
author = 	{\mbox{L\'{o}pez, F.}},
title = 	{Dise\~{n}o e implementaci\'{o}n de un nodo para redes de sensores con capacidades cognitivas, PFC},
publisher = 	{Laboratorio de Sistemas Integrados, ETSIT-UPM},
month = 	{Dic},
year = 		{2011}
}

@BOOK{roberpfc,
author = 	{\mbox{Rodr\'{i}guez, R.}},
title = 	{Dise\~{n}o e implementaci\'{o}n de un m\'{o}dulo de activaci\'{o}n por radio frecuencia para redes de sensores 
		inal\'{a}mbricas, PFC},
publisher = 	{Laboratorio de Sistemas Integrados, ETSIT-UPM},
month = 	{Sep},
year = 		{2013}
}

@BOOK{juanpfc,
author = 	{\mbox{Domingo, J.}},
title = 	{Dise\~{n}o, optimizaci\'{o}n y prueba un nodo para una red de sensores inal\'{a}mbrica con capacidades cognitivas, PFC},
publisher = 	{Laboratorio de Sistemas Integrados, ETSIT-UPM},
month = 	{Feb},
year = 		{2013}
}

@BOOK{ramipfg,
author = 	{\mbox{Utrilla, R.}},
title = 	{Dise\~{n}o y realizaci\'{o}n de un prototipo de red ad hoc de datos con aplicaci\'{o}n en la monitorizaci\'{o}n de cet\'{a}ceos, PFC},
publisher = 	{Laboratorio de Aplicaciones Bioac\'{u}sticas, UPC},
month = 	{Sep},
year = 		{2011}
}

@BOOK{guillepfc,
author = 	{\mbox{Jara, G.}},
title = 	{Dise\~{n}o e implementaci\'{o}n de una arquitectura para la gesti\'{o}n de comunicaciones de una red de sensores inal\'{a}mbricas cognitiva},
publisher = 	{Laboratorio de Sistemas Integrados, ETSIT-UPM},
month = 	{Sep},
year = 		{2013}
}

@BOOK{tulio,
 author = 	{\mbox{Advanced Wireless Dynamics}},
 title = 	{Tulio$^{TM}$ Datasheet},
 year =	 	{2011}
}

@BOOK{pic32datasheet,
 author = 	{\mbox{Microchip Technology Inc.}},
 title = 	{PIC32MX5XX/6XX/7XX Family Data Sheet},
 year = 	{2009}
}

@BOOK{daughterb,
 author = 	{\mbox{Microchip Technology Inc.}},
 title = 	{MRF49XA PICtail$^{TM}$/PICtail Plus Daughter Board User's Guide},
 year = 	{2009}
}

@BOOK{mrf24xa,
 author = 	{\mbox{Microchip Technology Inc.}},
 title = 	{MRF24XA Low-Power, 2.4 GHz ISM-Band IEEE 802.15.4$^{TM}$ RF Transceiver},
 year = 	{2011}
}

@BOOK{mrf24j40,
 author = 	{\mbox{Microchip Technology Inc.}},
 title = 	{MRF24J40MA Data Sheet 2.4 GHz, IEEE Std. 802.15.4$^{TM}$ RF Transceiver Module},
 year = 	{2008}
}

@BOOK{mrf49xa,
 author = 	{\mbox{Microchip Technology Inc.}},
 title = 	{MRF49XA Data Sheet, ISM Band Sub-GHz RF Transceiver},
 year = 	{2009}
}

@BOOK{mrf24wb0,
 author = 	{\mbox{Microchip Technology Inc.}},
 title = 	{Microchip MRF24WB0MA/MRF24WB0MB Data Sheet 2.4 GHz, IEEE Std. 802.11b$^{TM}$ RF Transceiver Module},
 year = 	{2010}
}

@BOOK{adg701,
 author = 	{\mbox{Analog Devices}},
 title = 	{ADG701/ADG702. \ac{CMOS} Low Voltage 2 $\Omega$ \ac{SPST} Switches. Datasheet},
 year = 	{2006}
}

@BOOK{max3232,
 author = 	{\mbox{Texas Instrument}},
 title = 	{MAX3232 Datasheet},
 year = 	{2004}
}

@BOOK{lm317,
 author = 	{\mbox{Texas Instrument}},
 title = 	{LM117, LM317A, LM317-N Datasheet},
 year =		{2013}
}

@BOOK{lm311,
 author = 	{\mbox{Texas Instrument}},
 title = 	{LM111, LM211, LM311 DIFFERENTIAL COMPARATORS WITH STROBES},
 year = 	{2003}
}

@BOOK{irf5801,
 author = 	{\mbox{International Rectifier}},
 title = 	{IRF5801 SMPS MOSFET},
 year = 	{2002}
}

@BOOK{miwi,
 author = 	{\mbox{Microchip Technology Inc.}},
 title = 	{AN1066 Microchip MiWi$^{TM}$ Wireless Networking Protocol Stack},
 year = 	{2007}
}

@BOOK{miwip2p,
 author = 	{\mbox{Microchip Technology Inc.}},
 title = 	{AN1204 Microchip MiWi$^{TM}$ P2P Wireless Protocol},
 year = 	{2010}
}

@BOOK{miwipro,
 author = 	{\mbox{Microchip Technology Inc.}},
 title = 	{AN1371 Microchip MiWi$^{TM}$ PRO Wireless Networking Protocol},
 year = 	{2011}
}

@BOOK{tcpip,
 author = 	{\mbox{Microchip Technology Inc.}},
 title = 	{AN833 The Microchip TCP/IP Stack},
 year = 	{2008}
}

@BOOK{mcp1612,
 author = 	{\mbox{Microchip Technology Inc.}},
 title = 	{MCP1612 Single 1A, 1.4 MHz Synchronous Buck Regulator},
 year = 	{2002}
}

@BOOK{mcp1252,
 author = 	{\mbox{Microchip Technology Inc.}},
 title = 	{MCP1252/3 Low Noise, Positive-Regulated Charge Pump}
}

@BOOK{mcp1603,
 author = 	{\mbox{Microchip Technology Inc.}},
 title = 	{MCP1603/B/L 2.0 MHz, 500 mA Synchronous Buck Regulator}
}

@MISC{ant,
 author =	{\mbox{ANT platform}},
 howpublished =	{\url{http://www.thisisant.com/}},
 note = 	{Last accessed on 11-9-2013}
} 

@MISC{eyes,
 author =	{\mbox{Eyes Project}},
 howpublished =	{\url{http://www.eyes.eu.org/}},
 note = 	{Last accessed on 11-9-2013}
}

@MISC{mixim,
 author =	{\mbox{MiXiM Project}},
 howpublished =	{\url{http://mixim.sourceforge.net/}},
 note = 	{Last accessed on 23-9-2013}
}

@MISC{fp7,
 author =	"{Home page - FP7 - Research - Europa}",
 howpublished =	{\url{http://ec.europa.eu/research/fp7/}},
 note = 	{Last accessed on 25-9-2013}
}

@MISC{cogeu,
 author =	{\mbox{COGEU}},
 howpublished =	{\url{http://www.ict-cogeu.eu/}},
 note = 	{Last accessed on 25-9-2013}
}

@MISC{crew,
 author =	{\mbox{Project Overview. CREW project}},
 howpublished =	{\url{http://www.crew-project.eu/}},
 note = 	{Last accessed on 25-9-2013}
}

@MISC{microchip,
 author =	{\mbox{Microchip Technology Inc}},
 howpublished =	{\url{http://www.microchip.com}},
 note = 	{Last accessed on 28-10-2013}

}

@MISC{iminds,
 author =	{\mbox{The iMinds Organization - iMinds}},
 howpublished =	{\url{http://www.iminds.be/en}},
 note = 	{Last accessed on 25-9-2013}
}

@MISC{senslab,
 title =	"{Senslab - Very large scale open wireless sensor network testbed}",
 howpublished =	{\url{http://www.senslab.info/}},
 note = 	{Last accessed on 23-9-2013}
}

@MISC{sensorlab,
 title =	"{SensorLab}",
 howpublished =	{\url{http://sensorlab.ijs.si/}},
 note = 	{Last accessed on 23-9-2013}
}

@MISC{chsim,
 title =	"{Universit\"{a}t Paderborn. Wireless channel simulator for OMNeT++}",
 howpublished =	{\url{http://www.cs.uni-paderborn.de/en/fachgebiete/research-group-computer-networks/projects/chsim.html}},
 note = 	{Last accessed on 23-9-2013}
}

@MISC{mobilityf,
 title =	{\mbox{Mobility Framework for OMNeT++}},
 howpublished =	{\url{http://mobility-fw.sourceforge.net/}},
 note = 	{Last accessed on 23-9-2013}
}

@MISC{macsim,
 title =	"{Consensus: Collaborative Sensor Networks}",
 howpublished =	{\url{http://www.consensus.tudelft.nl/software.html}},
 note = 	{Last accessed on 23-9-2013}
}


@MISC{telosb,
 title =	"{TelosB}",
 howpublished =	{\url{http://www.advanticsys.com/shop/mtmcm5000msp-p-14.html}},
 note =		{Last accessed on 11-9-2013}
}

@MISC{openair,
 title =	"{OpenAirInteface}", 
 howpublished =	{\url{http://www.openairinterface.org/}},
 note = 	{Last accessed on 11-9-2013} 
}

@ARTICLE{kuar,
 author = 	"{Minden, G.J.; Evans, J.B.; Searl, L.; DePardo, D.; Petty, V.R.; Rajbanshi, R.; Newman, T.; Chen, Q.; Weidling, F.; Guffey, J.; Datla, D.; Barker, B.; Peck, M.; Cordill, B.; Wyglinski, A.M.; Agah, A.}",
 title =	{KUAR: A Flexible Software-Defined Radio Development Platform},
 journal =	{New Frontiers in Dynamic Spectrum Access Networks, 2007. DySPAN 2007. 2nd IEEE International Symposium on},
 pages =	{428 - 439},
 month =	{Apr},
 year =		{2007}
}

@ARTICLE{usrp2,
 author = 	"{Berardinelli, G; Zetterberg, P.; Tonelli, O.; Cattoni, A.F.; Sorensen, T.B.; Mogensen, P.}",
 title =	"{An SDR architecture for OFDM transmission over USRP2 boards}",
 journal = 	{Signals, Systems and Computers (ASILOMAR), 2011 Conference Record of the Forty Fifth Asilomar Conference on},
 pages = 	{965 - 969},
 month = 	{Nov},
 year =		{2011}
}

@ARTICLE{nict,
 author = 	{\mbox{Harada, H.}},
 title =	{Software defined radio prototype toward cognitive radio communication systems},
 journal =	{New Frontiers in Dynamic Spectrum Access Networks, 2005. DySPAN 2005. 2005 First IEEE International Symposium on},
 pages =	{539 - 547},
 month = 	{Nov},
 year =		{2005}
}

@ARTICLE{bee2,
 author = 	"{Mishra, S.M.; Cabric, D.; Chang, C.; Willkomm, D.; van Schewick, B.; Wolisz, A.; Brodersen, R.W.}",
 title = 	{A real time cognitive radio testbed for physical and link layer experiments},
 journal = 	{Proceedings of the 1st IEEE International Symposium on New Frontiers in Dynamic Spectrum Access Networks (DySPAN '05)},
 volume = 	{1},
 pages =	{562 - 567},
 month = 	{Nov},
 year =		{2005}
}

@MISC{zigbee,
 title = 	{\mbox{Zigbee Alliance}},
 howpublished =	{\url{www.zigbee.org}},
 note = 	{Last accessed on 11-9-2013}
}

@MISC{bluetooth,
 title = 	{\mbox{Bluetooth}},
 howpublished =	{\url{http://www.bluetooth.com/}},
 note = 	{Last accessed on 17-8-2014}
}


@MISC{bluetoothWiki,
 title = 	{\mbox{Bluetooth}},
 howpublished =	{\url{http://en.wikipedia.org/wiki/Bluetooth}},
 note = 	{Last accessed on 17-8-2014}
}

@MISC{hart,
 title = 	"{HART Communication Foundation, WirelessHART Technology}",
 howpublished =	{\url{http://www.hartcomm.org}},
 note = 	{Last accessed on 11-9-2013}
}

@MISC{isa,
 title = 	"{ISA, Wireless Compliance Institute. ISA100 Wireless Systems for Automation}",
 howpublished =	{\url{http://www.isa100wci.org}},
 note = 	{Last accessed on 11-9-2013}
}

@MISC{802.11,
 title = 	"{IEEE 802.11$^{TM}$ Wireless Local Area Networks}",
 howpublished =	{\url{http://www.ieee802.org/11/}},
 note = 	{Last accessed on 11-9-2013}
}

@MISC{wifi,
 title = 	"{Wi-Fi Alliance}",
 howpublished =	{\url{http://www.wi-fi.org/}},
 note = 	{Last accessed on 11-9-2013}
}

@MISC{latex,
 title =	{Latex},
 howpublished =	{\url{http://en.wikibooks.org/wiki/LaTeX/}},
 note = 	{Last accessed on 11-9-2013}
}

@MISC{6lowpan,
 title =	"{IETF. IPv6 over Low power WPAN}",
 howpublished =	{\url{http://datatracker.ietf.org/wg/6lowpan/}},
 note = 	{Last accessed on 11-9-2013}
}

@ARTICLE{ns2,
 author = 	"{Yunjiao Xue; Ho Sung Lee; Ming Yang; Kumarawadu, P.; Ghenniwa, H.H.; Weiming Shen}",
 title =	"{Performance evaluation of NS-2 simulator for wireless sensor networks}",
 journal =	{Electrical and Computer Engineering, 2007. CCECE 2007. Canadian Conference on},
 pages =	{1372 - 1375},
 month =	{Apr},
 year =		{2007}
}

@ARTICLE{ns21,
 author = 	"{Myungin Ji; Yonggyu Kim; Myunghwan Seo; Joongsoo Ma}",
 title =	"{A novel multi-channel multi-radio wireless mesh node architecture for NS-2}",
 journal =	{Communications and Mobile Computing, 2009. CMC '09. WRI International Conference on},
 volume  =	{2},
 pages =	{147 - 151},
 month =	{Jan},
 year =		{2009}
}

@ARTICLE{omnet,
 author = 	{\mbox{Pongor, G.}},
 title =	{OMNeT: Objective Modular Network Testbed},
 journal =	{MASCOTS '93 Proceedings of the International Workshop on Modeling, Analysis, and Simulation On Computer and Telecommunication 			Systems},
 pages =	{323 - 326},
 year =		{1993}
}

@ARTICLE{sendora,
 author = 	{\mbox{Pescosolido, L.}},
 title =	"{Performance of SENDORA networks}",
 year =		{2011}
}

@MISC{castalia,
 title =	"{Castalia. Wireless Sensor Network Simulator}",
 howpublished =	{\url{http://castalia.research.nicta.com.au}},
 note = 	{Last accessed on 11-9-2013}
}

@MISC{netsim,
 title =	"{NetSim Cisco Network Simulator and Router Simulator}",
 howpublished =	{\url{http://www.boson.com/netsim-cisco-network-simulator}},
 note = 	{Last accessed on 11-9-2013}
}

@MISC{jbc,
 title =	"{JBC. Rework Station 6000. Instructions manual}",
 howpublished =	{\url{http://www.jbctools.com/pdf/manual\_AM6000\_230v.pdf}},
 note = 	{Last accessed on 16-9-2013}
}

@MISC{logatec,
 title =	"{LOG-a-TEC by SensorLab}",
 howpublished =	{\url{http://log-a-tec.eu/}},
 note = 	{Last accessed on 28-10-2013}
}

@BOOK{32kdatasheet,
 author = 	{\mbox{ABRACON Corporation}},
 title = 	"{AB15T Low frequency cylindrical watch crystal}",
 year = 	{2008}
}

@BOOK{8mdatasheet,
 author = 	{\mbox{FOX}},
 title = 	"{HC49SDLF Resistance Weld SMD Crystal}",
 year = 	{2008}
}

@BOOK{usbfram,
 author = 	{\mbox{Microchip Technology Inc.}},
 title = 	"{Microchip USB Device Firmware Framework User's guide}",
 year = 	{2008}
}

@BOOK{usbstack,
 author = 	"{Microchip Technology Inc.}",
 title = 	"{AN1166 USB Generic Function on an Embedded Device}",
 year =		{2008}
}

@BOOK{usbcdc,
 author = 	"{Microchip Technology Inc.}",
 title = 	"{AN1164 USB CDC Class on an Embedded Device}",
 year =		{2008}
}

@BOOK{icd3,
 author = 	"{Microchip Technology Inc.}",
 title = 	"{MPLAB ICD 3 In-Circuit Debugger User's Guide For MPLAB X IDE}",
 year = 	{2010}
}

@ARTICLE{sneismtv,
 author = 	"{Sol\v{c}, T.}",
 title =	"{SNE-ISMTV: VESNA wireless sensor node expansion for cognitive radio experiments}",
 journal =	{ISWCS 2013 - The Tenth International Symposium on Wireless Communication Systems},
 pages =	{2},
 month = 	{Aug},
 year =		{2013}
}

@ARTICLE{castaliacwsn,
 author = 	{\mbox{Araujo, A.; Romero, E.; Blesa, J.; Nieto-Taladriz, O.}},
 title =	{A framework for the design, development and evaluation of Cognitive Wireless Sensor Networks},
 journal =	{International Journal On Advances in Telecommunications},
 volume = 	{5},
 number =	{3,4},
 pages =	{141 - 152},
 month = 	{Dic},
 year =		{2012}
}

@ARTICLE{tmotesky,
 author = 	{\mbox{Moteiv Cormporation}},
 title =	"{Tmote Sky datasheet}",
 month = 	{Jun},
 year = 	{2006}
}

@MISC{alix,
 title = 	{\mbox{PC Engines alix3d3 product file}},
 howpublished =	{\url{http://pcengines.ch/alix3d3.htm}},
 note = 	{Last accessed on 11-9-2013}
}

@ARTICLE{twist,
 author = 	{\mbox{Handziski, V.; K\"opke, A.; Willig, A.; Wolisz, A.}},
 title =	{TWIST: a scalable and reconfigurable testbed for wireless indoor experiments with sensor networks},
 journal =	{REALMAN '06 Proceedings of the 2nd international workshop on Multi-hop ad hoc networks: from theory to reality},
 pages =	{63 - 70},
 year =		{2006}
}

@ARTICLE{vtcornet,
 author = 	{\mbox{Newman, T.R.; He, A.; Gaeddert, J.; Hilburn, B.; Bose, T.; Reed, J.H.}},
 title =	{Virginia tech cognitive radio network testbed and open source cognitive radio framework},
 journal =	{Testbeds and Research Infrastructures for the Development of Networks \& Communities and Workshops, 2009. TridentCom 2009. 5th 			International Conference on},
 pages =	{1 - 3},
 month = 	{Apr},
 year =		{2009}
}

@MISC{vesna,
 title =	{\mbox{SensorLab. Hardware. VESNA}},
 howpublished =	{\url{http://sensorlab.ijs.si/hardware.html}},
 note = 	{Last accessed on 12-9-2013}
}

@MISC{fit,
 title =	"{FIT: Future Internet (of Things)}",
 howpublished =	{\url{http://fit-equipex.fr/english}},
 note = 	{Last accessed on 12-9-2013}
}

@MISC{fitcortex,
 title =	"{FIT/CorteXlab: Cognitive radio testbed}",
 howpublished =	{\url{http://www.cortexlab.fr/}},
 note = 	{Last accessed on 12-9-2013}
}

@MISC{mapability,
 title =	"{MapAbility for Map Resources and Overlay Mapping}",
 howpublished =	{\url{http://www.mapability.com/}},
 note = 	{Last accessed on 28-10-2013}
}


@MISC{asynctask,
 title =	"{Android developer guides: AsynTask}",
 howpublished =	{\url{http://developer.android.com/reference/android/os/AsyncTask.html}},
 note = 	{\'{U}ltimo acceso el 4-9-2014}
}

@MISC{rfcomm,
 title =	"{RFCOMM: Bluetooth Development Portal}",
 howpublished =	{\url{https://developer.bluetooth.org/TechnologyOverview/Pages/RFCOMM.aspx}},
 note = 	{\'{U}ltimo acceso el 4-9-2014}
}

@MISC{piconet,
 title=		"{Communications Topology: Piconet Topology}",
 howpublished =	{\url{https://developer.bluetooth.org/TechnologyOverview/Pages/Topology.aspx}},
 note = 	{\'{U}ltimo acceso el 4-9-2014}
}

@MISC{hashIssue,
 title=		"{Java's hashCode is not safe for distributed systems}",
 howpublished =	{\url{http://martin.kleppmann.com/2012/06/18/java-hashcode-unsafe-for-distributed-systems.html}},
 note = 	{\'{U}ltimo acceso el 4-9-2014}
}

@MISC{preferences,
 title=		"{Android developer guides: Preferences}",
 howpublished =	{\url{http://developer.android.com/reference/android/preference/Preference.html}},
 note = 	{\'{U}ltimo acceso el 4-9-2014}
}

@MISC{preferenceActivity,
 title=		"{Android developer guides: PreferenceActivity}",
 howpublished =	{\url{http://developer.android.com/reference/android/preference/PreferenceActivity.html}},
 note = 	{\'{U}ltimo acceso el 4-9-2014}
}

@MISC{alarms,
 title=		"{Android developer guides: Scheduling Repeating Alarms}",
 howpublished =	{\url{https://developer.android.com/training/scheduling/alarms.html}},
 note = 	{\'{U}ltimo acceso el 17-9-2014}
}

@BOOK{busyCoder,
 author = 	"{\mbox{Mark L. Murphy}}",
 title = 	"{The Busy Coder's Guide to Advanced Android Development}",
 year =	 	{2011},
 publisher = "{CommonsWare}"
}

@MISC{protocolBuffers,
 title=		"{Google developers: Protocol Buffers}",
 howpublished =	{\url{https://developers.google.com/protocol-buffers/}},
 note = 	{\'{U}ltimo acceso el 17-9-2014}
}

@MISC{ss7,
   title        = "{Signalling System No. 7}",
   author       = {Wikipedia},
   howpublished = {\url{http://en.wikipedia.org/wiki/Signalling_System_No._7}},
   note         = {\'{U}ltimo acceso el 17-9-2014}
}

@MISC{androidSupportLib,
   title        = "{Android developer guides: Support Library}",
   howpublished = {\url{http://developer.android.com/tools/support-library/index.html}},
   note         = {\'{U}ltimo acceso el 17-9-2014}
}

@MISC{fragments,
   title        = "{Android developer guides: Fragments}",
   howpublished = {\url{http://developer.android.com/guide/components/fragments.html}},
   note         = {\'{U}ltimo acceso el 24-9-2014}
}

@book{bulbrook2001wap,
  title={WAP: A Beginner's Guide},
  author={Bulbrook, D.},
  isbn={9780072129564},
  lccn={2001273669},
  series={Network professional's library},
  url={http://books.google.es/books?id=5OhSAAAAMAAJ},
  year={2001},
  publisher={Osborne/McGraw-Hill}
}

@MISC{imode,
   title        = "{I-Mode}",
   howpublished = {\url{http://en.wikipedia.org/wiki/I-mode}},
   note         = {\'{U}ltimo acceso el 24-9-2014}
}


@MISC{itu2014report,
 title =	"{The World in 2014: ICT Facts and Figures}",
 howpublished =	{\url{http://www.itu.int/en/ITU-D/Statistics/Documents/facts/ICTFactsFigures2014-e.pdf}},
 note = 	{\'{U}ltimo acceso el 24-9-2014}
}

@MISC{ericsson2013report,
 title =	"{Ericsson Mobility Report: on the pulse of the networked society}",
 howpublished =	{\url{http://www.ericsson.com/res/docs/2013/emr-august-2013.pdf}},
 note = 	{\'{U}ltimo acceso el 24-9-2014}
}

@MISC{ericsson2014report,
 title =	"{Ericsson Mobility Report: on the pulse of the networked society}",
 howpublished =	{\url{http://www.ericsson.com/res/docs/2014/ericsson-mobility-report-june-2014.pdf} \& \url{http://www.ericsson.com/res/docs/2014/ericsson-mobility-report-august-2014-interim.pdf}},
 note = 	{\'{U}ltimo acceso el 24-9-2014}
}

@ARTICLE{umtsBroadcast, 
author={Hartung, F. and Horn, U. and Huschke, J. and Kampmann, M. and Lohmar, T. and Lundevall, M.}, 
journal={Broadcasting, IEEE Transactions on}, 
title={Delivery of Broadcast Services in 3G Networks}, 
year={2007}, 
month={March}, 
volume={53}, 
number={1}, 
pages={188-199}, 
keywords={3G mobile communication;mobile radio;mobile television;multicast communication;multimedia communication;radio broadcasting;telecommunication traffic;3G mobile network;3GPP;MBMS;Mobile TV;OMA;broadcast service delivery;multimedia broadcast multicast service;open mobile alliance;shared radio broadcast bearer;traffic model;transport technology;unicast distribution;Appropriate technology;Broadcast technology;Digital multimedia broadcasting;Mobile TV;Multimedia communication;Radio broadcasting;TV broadcasting;Telecommunication traffic;Traffic control;Unicast;3G;3GPP;Broadcast;MBMS;UMTS;mobile TV;mobile broadcast;multicast;unicast}, 
doi={10.1109/TBC.2007.891711}, 
ISSN={0018-9316},}

@MISC{refarming700,
 title =	"{The second digital dividend: Another bite for mobile?}",
 howpublished =	{\url{https://itunews.itu.int/En/3744-The-second-digital-dividend-Another-bite-for-mobile.note.aspx}},
 note = 	{\'{U}ltimo acceso el 24-9-2014}
}

@MISC{tizen,
 title =	"{Tizen}",
 howpublished =	{\url{http://en.wikipedia.org/wiki/Tizen}},
 note = 	{\'{U}ltimo acceso el 24-9-2014}
}

@MISC{tizenArch,
 title =	"{Tizen Architecture}",
 howpublished =	{\url{https://developer.tizen.org/dev-guide/2.2.1/org.tizen.gettingstarted/html/tizen_overview/tizen_architecture.htm}},
 note = 	{\'{U}ltimo acceso el 17-09-2014}
}

@MISC{tizenAdhoc,
 title =	"{Tizen: WifiBssType}",
 howpublished =	{\url{https://developer.tizen.org/dev-guide/2.2.1/org.tizen.native.apireference/namespaceTizen_1_1Net_1_1Wifi.html#aad52b065bd137bf6879e51b46e2dbb5b}},
 note = 	{\'{U}ltimo acceso el 17-09-2014}
}

@MISC{tizenNet,
 title =	"{Tizen Net: Managing Network Connections and Communication}",
 howpublished =	{\url{https://developer.tizen.org/dev-guide/2.2.1/org.tizen.native.appprogramming/html/guide/net/net_namespace.htm}},
 note = 	{\'{U}ltimo acceso el 17-09-2014}
}

@book{firefoxOSbook,
  title={Quick Guide For Firefox OS App Development},
  author={Garzia, A.},
  year={2014},
  publisher={Lean Publishing}
}

@MISC{webAPIwifi,
 title =	"{MDN: WiFi Information API}",
 howpublished =	{\url{https://developer.mozilla.org/en-US/docs/Web/API/WiFi_Information_API}},
 note = 	{\'{U}ltimo acceso el 17-08-2014}
}

@MISC{webAPIbt,
 title =	"{MDN: WebBluetooth}",
 howpublished =	{\url{https://developer.mozilla.org/en-US/docs/Web/API/Web_Bluetooth_API}},
 note = 	{\'{U}ltimo acceso el 17-08-2014}
}

@MISC{webAPIbtRestrict,
 title =	"{MDN: BluetoothAdapter}",
 howpublished =	{\url{https://developer.mozilla.org/en-US/docs/Web/API/BluetoothAdapter}},
 note = 	{\'{U}ltimo acceso el 17-08-2014}
}


@MISC{webAPImobile,
 title =	"{MDN: Mobile Connection}",
 howpublished =	{\url{https://developer.mozilla.org/en-US/docs/Web/API/Mobile_Connection_API}},
 note = 	{\'{U}ltimo acceso el 17-08-2014}
}

@MISC{webAPIadhoc,
 title =	"{Bugzilla@Mozilla: Implementation of 802.11 (Wi-Fi) ad hoc feature}",
 howpublished =	{\url{https://bugzilla.mozilla.org/show_bug.cgi?id=928362}},
 note = 	{\'{U}ltimo acceso el 17-08-2014}
}

@MISC{bbmThreat,
 title =	"{The Danger of Fetishizing BBM Security}",
 howpublished =	{\url{http://www.christopher-parsons.com/the-danger-of-fetishizing-blackberry-messenger-security/}},
 note = 	{\'{U}ltimo acceso el 17-08-2014}
}

@MISC{bbAvailability,
 title =	"{BlackBerry Outage 2011}",
 howpublished =	{\url{http://www.theguardian.com/technology/2011/oct/14/blackberry-outage-faulty-router-suspected}},
 note = 	{\'{U}ltimo acceso el 17-08-2014}
}

@MISC{ubuntuTouch,
 title =	"{App Dev School Presentation: Get started creating Ubuntu apps}",
 howpublished =	{\url{https://docs.google.com/presentation/d/1-OcIOjMSdiLI6JdBbuhobKkxdZRaaggeA-eSOoA5cnE/edit#slide=id.g3910e7ce9_2_6}},
 note = 	{\'{U}ltimo acceso el 17-08-2014}
}

@MISC{cordova,
 title =	"{Apache Cordova}",
 howpublished =	{\url{http://cordova.apache.org/}},
 note = 	{\'{U}ltimo acceso el 17-08-2014}
}

@MISC{bionic,
 title =	"{Bionic libc}",
 howpublished =	{\url{http://en.wikipedia.org/wiki/Bionic_(software)}},
 note = 	{\'{U}ltimo acceso el 17-08-2014}
}

@MISC{ubuntuDevices,
 title =	"{Ubuntu Touch: devices}",
 howpublished =	{\url{https://wiki.ubuntu.com/Touch/Devices}},
 note = 	{\'{U}ltimo acceso el 17-08-2014}
}

@MISC{ubuntuReleaseNotes,
 title =	"{Ubuntu Touch: release notes}",
 howpublished =	{\url{https://wiki.ubuntu.com/Touch/ReleaseNotes}},
 note = 	{\'{U}ltimo acceso el 17-08-2014}
}

@MISC{xaml,
 title =	"{Developing apps (XAML)}",
 howpublished =	{\url{http://msdn.microsoft.com/library/windows/apps/xaml/br229566.aspx}},
 note = 	{\'{U}ltimo acceso el 17-08-2014}
}

@MISC{winAPI,
 title =	"{Windows API reference for Windows Runtime apps}",
 howpublished =	{\url{http://msdn.microsoft.com/en-us/library/windows/apps/xaml/br211377.aspx}},
 note = 	{\'{U}ltimo acceso el 17-08-2014}
}

@MISC{winNetLacks,
 title =	"{Microsoft Forums: ad hoc support, wifi control}",
 howpublished =	{\url{https://social.msdn.microsoft.com/Forums/windowsapps/en-US/5d5da1a8-cc84-4736-8ee5-7e4cacb7f5c5/how-to-enabledisable-wifi-programmatically?forum=wpdevelop} \& \url{http://answers.microsoft.com/en-us/winphone/forum/wp8-wpnetwork/will-windows-phone-8-accept-ad-hoc-networks/4762dd75-0fc4-42f8-a771-15abc5075778}},
 note = 	{\'{U}ltimo acceso el 17-08-2014}
}

@MISC{winNokiaSDK,
 title =	"{Develop for Lumia}",
 howpublished =	{\url{http://developer.nokia.com/lumia}},
 note = 	{\'{U}ltimo acceso el 17-08-2014}
}

@book{singh2006mac,
  title={Mac OS X Internals: A Systems Approach},
  author={Singh, A.},
  isbn={9780132702263},
  url={http://books.google.es/books?id=K8vUkpOXhN4C},
  year={2006},
  publisher={Pearson Education}
}

@MISC{iosSwift,
 title =	"{Swift overview}",
 howpublished =	{\url{https://developer.apple.com/swift/}},
 note = 	{\'{U}ltimo acceso el 17-09-2014}
}

@MISC{iosBT,
 title =	"{iOS Developer Library: Core Bluetooth Programming Guide}",
 howpublished =	{\url{https://developer.apple.com/library/ios/documentation/NetworkingInternetWeb/Conceptual/CoreBluetooth_concepts/AboutCoreBluetooth/Introduction.html}},
 note = 	{\'{U}ltimo acceso el 17-08-2014}
}

@MISC{iosReach,
 title =	"{iOS Developer Library: System configuration Framework Reference}",
 howpublished =	{\url{https://developer.apple.com/library/ios/documentation/SystemConfiguration/Reference/SCNetworkReachabilityRef/index.html#//apple_ref/doc/uid/TP40007260}},
 note = 	{\'{U}ltimo acceso el 17-08-2014}
}

@MISC{iosWiFi,
 title =	"{iOS Developer Library: Core Telephony Framework Reference}",
 howpublished =	{\url{https://github.com/DjKira/iOS-6-Headers/blob/master/SpringBoard/SBWiFiManager.h#L46}},
 note = 	{\'{U}ltimo acceso el 17-08-2014}
}

@MISC{iosAdHoc,
 title =	"{iOS Developer Library: Document Transfer Strategies, Ad-Hoc}",
 howpublished =	{\url{https://developer.apple.com/library/ios/technotes/tn2152/_index.html#//apple_ref/doc/uid/DTS40009179-CH1-SUBSECTION13}},
 note = 	{\'{U}ltimo acceso el 17-08-2014}
}

@MISC{marketAndroid,
 title =	"{Google I/O 2013 highlights}",
 howpublished =	{\url{http://thenextweb.com/google/2013/05/15/google-announces-900-million-activations-of-android-in-total-to-date/}},
 note = 	{\'{U}ltimo acceso el 17-08-2014}
}

@MISC{marketIOS,
 title =	"{WWDC 2014 statshot}",
 howpublished =	{\url{https://gigaom.com/2014/06/02/wwdc-statshot-800-million-ios-devices-sold-75-billion-apps-downloaded/}},
 note = 	{\'{U}ltimo acceso el 17-08-2014}
}

@MISC{appMarket,
 title =	"{WWDC 2014 statshot}",
 howpublished =	{\url{http://tnw.to/g4sdx}},
 note = 	{\'{U}ltimo acceso el 17-10-2014}
}

@MISC{andWeb,
 title =	"{Android: be together not the same}",
 howpublished =	{\url{http://www.android.com}},
 note = 	{\'{U}ltimo acceso el 17-8-2014}
}

@MISC{andAosp,
 title =	"{Android Open Source Project}",
 howpublished =	{\url{https://source.android.com/}},
 note = 	{\'{U}ltimo acceso el 17-8-2014}
}

@MISC{andTools,
 title =	"{Android developer guides: Tools Help}",
 howpublished =	{\url{http://developer.android.com/tools/help/index.html}},
 note = 	{\'{U}ltimo acceso el 17-8-2014}
}

@MISC{andSamsungSDK,
 title =	"{Samsung Developers: Samsung Mobile}",
 howpublished =	{\url{http://developer.samsung.com/samsung-mobile}},
 note = 	{\'{U}ltimo acceso el 17-8-2014}
}

@MISC{andConnectivity,
 title =	"{Android developer guides: Connectivity}",
 howpublished =	{\url{http://developer.android.com/guide/topics/connectivity/index.html}},
 note = 	{\'{U}ltimo acceso el 17-8-2014}
}

@MISC{andWifi,
 title =	"{Android developer guides: Wi-Fi API}",
 howpublished =	{\url{http://developer.android.com/reference/android/net/wifi/WifiManager.html}},
 note = 	{\'{U}ltimo acceso el 17-8-2014}
}

@MISC{andMobile,
 title =	"{Android developer guides: Mobile Data}",
 howpublished =	{\url{http://developer.android.com/reference/android/net/ConnectivityManager.html} \& \url{http://developer.android.com/reference/android/telephony/TelephonyManager.html}},
 note = 	{\'{U}ltimo acceso el 17-8-2014}
}

@techreport{5gAccess,
  author = 	"{Dgahkman, E.; Sachs, J.; Parkvall, S.; Mildh, G.; Sel\'{e}n, Y.; Peisa, J.}",
  title = 	"{5G radio access}",
  institution = {Ericsson Review},
  month = 	{June},
  year =	{2014}
  number =	{91}
}

@phdthesis{cnPhoneCarrierPerspective,
	author =	"{Gr{\o}nsund, P.}",
	title  =	"{Cognitive Radio from a Mobile Operator's Perspective: System Performance and Business Case Evaluations}",
	school =	"{University of Oslo (UiO)}",
	year   =	"{2013}",
%	note   =	"{\newline\url{http://4g-portal.com/cognitive-radio-from-a-mobile-operators-perspective-system-performance-and-business-case-evaluations}}"
}

@MISC{cnPhoneCongress,
 title =	"{CROWNCOM: Cognitive Radio Oriented Wireless Networks and Communications}",
 howpublished =	{\url{http://crowncom.org/}},
 note = 	{\'{U}ltimo acceso el 17-8-2014}
}

@MISC{cnPhoneCongressLast,
 title =	"{9th International Conference on Cognitive Radio Oriented Wireless Networks}",
 howpublished =	{\url{http://crowncom.org/2014/show/keynotes}},
 note = 	{\'{U}ltimo acceso el 17-8-2014}
}

@MISC{cnPhoneNokia,
 title =	"{Nokia Research Center: Cognitive Radio}",
 howpublished =	{\url{http://research.nokia.com/cognitive_radio}},
 note = 	{\'{U}ltimo acceso el 17-8-2014}
}

@ARTICLE{cnPhoneNokiaArticle, 
author={Doppler, K. and Rinne, M. and Wijting, C. and Ribeiro, C.B. and Hugl, K.}, 
journal={Communications Magazine, IEEE}, 
title={Device-to-device communication as an underlay to LTE-advanced networks}, 
year={2009}, 
month={Dec}, 
volume={47}, 
number={12}, 
pages={42-49}, 
keywords={cellular radio;LTE advanced networks;device-to-device communication;local services;primary cellular network;total throughput;underlay;Biological materials;Bluetooth;IP networks;Interference;Internet;Land mobile radio cellular systems;Network servers;Uniform resource locators;Web server;Wireless LAN}, 
doi={10.1109/MCOM.2009.5350367}, 
ISSN={0163-6804}
}

@inproceedings{cnPhoneSendora,
		organization = "{Seventh Framework Programme}",
    title   = "{SENDORA: Study and demonstration of the Wireless Sensor Network aided Cognitive Radio concept}",
    booktitle = "{Technology and Regulation workshop Brussels}",
    year    = "{2010}",
		note = "{\url{http://cordis.europa.eu/fp7/ict/future-networks/crw/7mercier.pdf}}",
		author  = "{EURECO}"
}

@mastersthesis{cnPhoneVirginia,
	author = "{Radhakrishnan, A.}",
	title = "{Android phone controlled Beagle board based PSCR in a Dynamic Spectrum Access environment}",
	school = "{Virginia Tech}",
	year = {2010}
}

@BOOK{cnPhoneEtsit,
author = 	{\mbox{Rozas, A.}},
title = 	{An\'{a}lisis y dise\~{n}o de escenarios para redes cognitivas en una plataforma m\'{o}vil, PFC},
publisher = 	{Laboratorio de Sistemas Integrados, ETSIT-UPM},
month = 	{sep},
year = 		{2011}
}

@MISC{cnPhoneServal,
 title =	"{Serval Project}",
 howpublished =	{\url{http://www.servalproject.org/}},
 note = 	{\'{U}ltimo acceso el 17-8-2014}
}


@MISC{cuadroFreqReserva,
 title =	"{Cuadro nacional de atribuci\'{o}n de frecuencias (CNAF) Espectro radioel\'{e}ctrico - Secreatria de estado de telecomuncaciones y para la sociedad de la informaci\'{o}n - Ministerio de Industria, Energ\'{i}a y Turismo}",
 howpublished =	{\url{http://www.minetur.gob.es/TELECOMUNICACIONES/ESPECTRO/Paginas/CNAF.aspx}},
 note = 	{\'{U}ltimo acceso el 17-8-2014}
}

@inproceedings{oodaLoop,
    author  = "{John Boyd}",
    title   = "{A discourse on winning and losing: Patterns of conflict}",
    year    = {1986},
    note    = {\url{http://www.dnipogo.org/boyd/pdf/poc.pdf}}
}

@MISC{standar80222,
 title =	"{IEEE Standards Association: IEEE $802.22^{TM}$-2011 STANDARD FOR WIRELESS REGIONAL AREA NETWORKS IN TV WHITESPACES COMPLETED}",
 howpublished =	{\url{http://standards.ieee.org/news/2011/802.22.html}},
 note = 	{\'{U}ltimo acceso el 17-8-2014}
}


@phdthesis{crossLayer,
author =	"{Michelle, Gong}",
title  =	"{Improving the Capacity of Wireless Ad Hoc Networks through Multiple Channel Operation: Design Principles and Protocols}",
school =	"{Virginia Polytechnic Institute and State University}",
year   =	"{2005}",
%	note   =	"{\url{http://scholar.lib.vt.edu/theses/available/etd-06162005-231245/unrestricted/michelle_gong_dissertation.pdf}}"
}

@article{Benini20061639,
title = "Wireless sensor networks: Enabling technology for ambient intelligence ",
journal = "Microelectronics Journal ",
volume = "37",
number = "12",
pages = "1639 - 1649",
year = "2006",
note = "",
issn = "0026-2692",
doi = "http://dx.doi.org/10.1016/j.mejo.2006.04.021",
url = "http://www.sciencedirect.com/science/article/pii/S0026269206001728",
author = "L. Benini and E. Farella and C. Guiducci",
keywords = "Wireless sensor networks",
keywords = "Embedded systems",
keywords = "Energy efficiency",
keywords = "Bio-sensors "
}

@inproceedings{andArchitecture,
author  = "{\mbox{Yaghmour, K.}}",
title   = "{Android Internals}",
publisher = "{Android Builders Summit - April 13th 2011}"
}

@MISC{andActivity,
 title =	"{Android developer guides: Activities}",
 howpublished =	{\url{http://developer.android.com/guide/components/activities.html}},
 note = 	{\'{U}ltimo acceso el 17-8-2014}
}

@MISC{andIBinder,
 title =	"{Android developer guides: IBinder}",
 howpublished =	{\url{http://developer.android.com/reference/android/os/IBinder.html}},
 note = 	{\'{U}ltimo acceso el 17-8-2014}
}

@MISC{andService,
 title =	"{Android developer guides: Services}",
 howpublished =	{\url{http://developer.android.com/guide/components/services.html}},
 note = 	{\'{U}ltimo acceso el 17-8-2014}
}

@MISC{andProcess,
 title =	"{Android developer guides: Processes and threads}",
 howpublished =	{\url{http://developer.android.com/guide/components/processes-and-threads.html}},
 note = 	{\'{U}ltimo acceso el 17-8-2014}
}

@MISC{andANR,
 title =	"{Android developer guides: Keeping your App responsive}",
 howpublished =	{\url{http://developer.android.com/training/articles/perf-anr.html}},
 note = 	{\'{U}ltimo acceso el 17-8-2014}
}


@MISC{intentService,
 title =	"{Android developer guides: Running in a background service}",
 howpublished =	{\url{http://developer.android.com/training/run-background-service/index.html}},
 note = 	{\'{U}ltimo acceso el 17-8-2014}
}

@MISC{andIntent,
 title =	"{Android developer guides: Intent}",
 howpublished =	{\url{http://developer.android.com/reference/android/content/Intent.html}},
 note = 	{\'{U}ltimo acceso el 17-8-2014}
}

@MISC{andSingleThreadedModel,
 title =	"{Android developer guides: Seconnd rule of the single threaded model}",
 howpublished =	{\url{http://developer.android.com/guide/components/processes-and-threads.html#WorkerThreads}},
 note = 	{\'{U}ltimo acceso el 17-8-2014}
}

@MISC{andHandler,
 title =	"{Android developer guides: Handler}",
 howpublished =	{\url{http://developer.android.com/reference/android/os/Handler.html}},
 note = 	{\'{U}ltimo acceso el 17-8-2014}
}

@MISC{wifiChannels,
 title =	"{List of Wi-Fi channels}",
 howpublished =	{\url{http://en.wikipedia.org/wiki/List_of_WLAN_channels}},
 note = 	{\'{U}ltimo acceso el 17-8-2014}
}

@MISC{btMeasures,
 title =	"{Bluetooth Measurement Fundamentals - Agilent Solutions}",
 howpublished =	{\url{http://literature.cdn.keysight.com/litweb/pdf/5988-3760EN.pdf}},
 note = 	{\'{U}ltimo acceso el 24-9-2014}
}

@MISC{btRegulation,
 title =	"{Bluetooth Radio Interface, Modulation \& Channels}",
 howpublished =	{\url{http://www.radio-electronics.com/info/wireless/bluetooth/radio-interface-modulation.php}},
 note = 	{\'{U}ltimo acceso el 24-9-2014}
}

@MISC{802.3,
 title = 	"{IEEE 802.3$^{TM}$ Ethernet working group}",
 howpublished =	{\url{http://www.ieee802.org/3/}},
 note = 	{Last accessed on 11-9-2013}
}

@MISC{802.11nPropagation,
 title = 	"{802.11n networking - lessons learned from 1000 installations}",
 howpublished =	{\url{http://www.iebmedia.com/?id=7773&parentid=74&themeid=255&showdetail=true}},
 note = 	{Last accessed on 17-10-2014}
}

@MISC{802.15.1,
 title = 	"{IEEE 802.15 WPAN Task Group 1}",
 howpublished =	{\url{http://www.ieee802.org/15/pub/TG1.html}},
 note = 	{Last accessed on 17-10-2014}
}

@article{meel99,
author  = "{\mbox{Meel, J}}",
title   = "{Spread Spectrum: Introduction}",
publisher = "{De Nayer Institute, Belgium}",
year    = "{1999}",
month	= "{October}"
}

@MISC{btVsWifi,
 title = 	"{Bluetooth project}",
 howpublished =	{\url{http://www.amalgamate2000.com/radio-hobbies/radio/Blue%20tooth.htm}},
 note = 	{Last accessed on 24-8-2014}
}

@MISC{gsmBands,
 title = 	"{List of GSM networks}",
 howpublished =	{\url{http://en.wikipedia.org/wiki/GSM_frequency_bands}},
 note = 	{Last accessed on 24-8-2014}
}

@MISC{umtsBands,
 title = 	"{List of UMTS networks}",
 howpublished =	{\url{http://en.wikipedia.org/wiki/List_of_UMTS_networks}},
 note = 	{Last accessed on 24-8-2014}
}

@MISC{lteBands,
 title = 	"{List of LTE networks}",
 howpublished =	{\url{http://en.wikipedia.org/wiki/List_of_LTE_networks}},
 note = 	{Last accessed on 17-10-2014}
}

@book{bates2001gprs,
  title={GPRS: General Packet Radio Service: GENERAL PACKET RADIO SERVICE},
  author={Bates, R.},
  isbn={9780071394130},
  series={McGraw-Hill telecom professional},
  url={https://books.google.es/books?id=v-lhnTNyp7oC},
  year={2001},
  publisher={McGraw-Hill Education}
}

@book{veguillas2003comunicaciones,
  title={Comunicaciones m{\'o}viles de tercera generaci{\'o}n},
  author={Veguillas, D.M. and Contreras, S.C.},
  isbn={9788460769774},
  url={https://books.google.es/books?id=TYMqAQAACAAJ},
  year={2003},
  publisher={Inaltel}
}

@book{penuelas20123gpp,
  title={3GPP LTE: Hacia la 4G m{\'o}vil},
  author={Pe{\~n}uelas, J.C. and Bonaf{\'e}, J.J.O. and Lozano, M.G. and Aguilella, A.F.},
  isbn={9788426718754},
  series={MARCOMBO UNIVERSITARIA},
  url={https://books.google.es/books?id=XuQVmNNzXckC},
  year={2012},
  publisher={Marcombo}
}

@book{dahlman20134g,
  title={4G: LTE/LTE-Advanced for Mobile Broadband},
  author={Dahlman, E. and Parkvall, S. and Skold, J.},
  isbn={9780124199972},
  url={https://books.google.es/books?id=AbkPAAAAQBAJ},
  year={2013},
  publisher={Elsevier Science}
}

@MISC{p2pIssues,
 title =	"{iOS Developer Library: Document Transfer Strategies, network designs}",
 howpublished =	{\url{https://developer.apple.com/library/ios/technotes/tn2152/_index.html#//apple_ref/doc/uid/DTS40009179-CH1-SUBSECTION12}},
 note = 	{\'{U}ltimo acceso el 24-08-2014}
}
